
@Book{me:ggplot2,
  author  = {Wickham, Hadley},
  title   = {ggplot2: Elegant graphics for data analysis},
  month   = {July},
  publisher={Springer},
  series  = {{useR}},
  year    = {2009}
}

@Article{me:plyr,
  author  = {Wickham, Hadley},
  title   = {The split-apply-combine strategy for data analysis},
  journal = {Journal of Statistical Software},
  number  = {1},
  pages   = {1--29},
  url     = {http://www.jstatsoft.org/v40/i01/},
  volume  = {40},
  year    = {2011}
}

@Article{wickham:2007b,
  author  = {Wickham, Hadley},
  title   = {Reshaping data with the reshape package},
  journal = {Journal of Statistical Software},
  keywords= {reshape},
  number  = {12},
  pages   = {1--20},
  url     = {http://www.jstatsoft.org/v21/i12/paper},
  volume  = {21},
  year    = {2007}
}
